[gd_scene load_steps=19 format=2]

[ext_resource path="res://Roles/Behaviours/Hunt.gd" type="Script" id=1]
[ext_resource path="res://Rounds/icons/day.png" type="Texture" id=2]
[ext_resource path="res://Rounds/icons/night.png" type="Texture" id=3]
[ext_resource path="res://Rounds/icons/wolves.png" type="Texture" id=4]
[ext_resource path="res://Rounds/icons/seer.png" type="Texture" id=5]
[ext_resource path="res://Rounds/GameState.gd" type="Script" id=6]
[ext_resource path="res://Rounds/icons/dead.png" type="Texture" id=7]
[ext_resource path="res://Roles/Behaviours/Day.gd" type="Script" id=8]
[ext_resource path="res://Roles/Behaviour.gd" type="Script" id=9]
[ext_resource path="res://Roles/Behaviours/Sleep.gd" type="Script" id=10]
[ext_resource path="res://Roles/Behaviours/See.gd" type="Script" id=11]
[ext_resource path="res://Rounds/icons/potion_healing.png" type="Texture" id=12]
[ext_resource path="res://Roles/Behaviours/Heal.gd" type="Script" id=13]
[ext_resource path="res://Rounds/icons/potion_poison.png" type="Texture" id=14]
[ext_resource path="res://Roles/Behaviours/Poison.gd" type="Script" id=15]

[sub_resource type="GDScript" id=1]
script/source = "extends Label

func _ready():
	Dreams.connect(\"dream_changed\", self, \"_update\")

func _update():
	text = Dreams.get_dream()
"

[sub_resource type="GDScript" id=2]
script/source = "tool
extends Label

func _ready():
	text = \"\"
	get_parent().connect(\"value_changed\", self, \"_on_progress_changed\")

func _on_progress_changed(value):
	text = String( int( floor(value)) )
"

[sub_resource type="Animation" id=3]
length = 100.0
tracks/0/type = "value"
tracks/0/path = NodePath("Choice/CenterContainer/ProgressBar:value")
tracks/0/interp = 1
tracks/0/loop_wrap = true
tracks/0/imported = false
tracks/0/enabled = true
tracks/0/keys = {
"times": PoolRealArray( 0, 99.6 ),
"transitions": PoolRealArray( 1, 1 ),
"update": 0,
"values": [ 100.0, 0.0 ]
}
tracks/1/type = "method"
tracks/1/path = NodePath(".")
tracks/1/interp = 1
tracks/1/loop_wrap = true
tracks/1/imported = false
tracks/1/enabled = true
tracks/1/keys = {
"times": PoolRealArray( 99.6 ),
"transitions": PoolRealArray( 1 ),
"values": [ {
"args": [  ],
"method": "_on_hunt"
} ]
}

[node name="Behaviour" type="Panel"]
anchor_right = 1.0
anchor_bottom = 1.0
script = ExtResource( 9 )
__meta__ = {
"_edit_use_anchors_": false
}

[node name="Dead" type="VBoxContainer" parent="."]
visible = false
anchor_right = 1.0
anchor_bottom = 1.0
alignment = 1
__meta__ = {
"_edit_use_anchors_": false
}

[node name="Icon" type="TextureRect" parent="Dead"]
margin_right = 800.0
margin_bottom = 444.0
rect_min_size = Vector2( 30, 30 )
size_flags_horizontal = 3
size_flags_vertical = 3
size_flags_stretch_ratio = 0.4
texture = ExtResource( 7 )
expand = true
stretch_mode = 6

[node name="Message" type="Label" parent="Dead"]
margin_top = 448.0
margin_right = 800.0
margin_bottom = 648.0
rect_min_size = Vector2( 150, 200 )
text = "You are dead."
align = 1
valign = 1
autowrap = true
clip_text = true
__meta__ = {
"_edit_use_anchors_": false
}

[node name="GameState" type="Label" parent="Dead"]
margin_top = 652.0
margin_right = 800.0
margin_bottom = 700.0
text = "
DAYTIME
Round ROUND"
align = 1
script = ExtResource( 6 )

[node name="Day" type="VBoxContainer" parent="."]
visible = false
anchor_right = 1.0
anchor_bottom = 1.0
alignment = 1
script = ExtResource( 8 )
__meta__ = {
"_edit_use_anchors_": false
}

[node name="Icon" type="TextureRect" parent="Day"]
margin_right = 800.0
margin_bottom = 396.0
rect_min_size = Vector2( 30, 30 )
size_flags_horizontal = 3
size_flags_vertical = 3
size_flags_stretch_ratio = 0.4
texture = ExtResource( 2 )
expand = true
stretch_mode = 6

[node name="Message" type="Label" parent="Day"]
margin_top = 400.0
margin_right = 800.0
margin_bottom = 600.0
rect_min_size = Vector2( 150, 200 )
text = "Who should be killed?

Select the suspects."
align = 1
valign = 1
autowrap = true
clip_text = true
__meta__ = {
"_edit_use_anchors_": false
}

[node name="Choice" type="VBoxContainer" parent="Day"]
margin_top = 604.0
margin_right = 800.0
margin_bottom = 648.0
alignment = 1

[node name="VBoxContainer" type="HBoxContainer" parent="Day/Choice"]
margin_right = 800.0
margin_bottom = 20.0
alignment = 1

[node name="Vote" type="Button" parent="Day/Choice/VBoxContainer"]
margin_left = 379.0
margin_right = 420.0
margin_bottom = 20.0
text = "Vote"

[node name="CenterContainer" type="CenterContainer" parent="Day/Choice"]
margin_top = 24.0
margin_right = 800.0
margin_bottom = 44.0

[node name="ProgressBar" type="ProgressBar" parent="Day/Choice/CenterContainer"]
margin_left = 250.0
margin_right = 550.0
margin_bottom = 20.0
rect_min_size = Vector2( 300, 20 )
size_flags_horizontal = 5
size_flags_vertical = 4
percent_visible = false

[node name="Label" type="Label" parent="Day/Choice/CenterContainer/ProgressBar"]
anchor_right = 1.0
anchor_bottom = 1.0
text = "0 / ? Votes"
align = 1
valign = 1
__meta__ = {
"_edit_use_anchors_": false
}

[node name="GameState" type="Label" parent="Day"]
margin_top = 652.0
margin_right = 800.0
margin_bottom = 700.0
text = "
DAYTIME
Round ROUND"
align = 1
script = ExtResource( 6 )

[node name="Sleep" type="VBoxContainer" parent="."]
visible = false
anchor_right = 1.0
anchor_bottom = 1.0
alignment = 1
script = ExtResource( 10 )
__meta__ = {
"_edit_use_anchors_": false
}

[node name="Icon" type="TextureRect" parent="Sleep"]
margin_right = 800.0
margin_bottom = 322.0
rect_min_size = Vector2( 30, 30 )
size_flags_horizontal = 3
size_flags_vertical = 3
size_flags_stretch_ratio = 0.4
texture = ExtResource( 3 )
expand = true
stretch_mode = 6

[node name="ScrollContainer" type="ScrollContainer" parent="Sleep"]
margin_top = 326.0
margin_right = 800.0
margin_bottom = 648.0
rect_min_size = Vector2( 120, 120 )
size_flags_horizontal = 3
size_flags_vertical = 3
size_flags_stretch_ratio = 0.4
scroll_horizontal_enabled = false

[node name="Dream" type="Label" parent="Sleep/ScrollContainer"]
margin_top = 61.0
margin_right = 800.0
margin_bottom = 261.0
rect_min_size = Vector2( 150, 200 )
size_flags_horizontal = 3
size_flags_vertical = 6
text = "<dream>"
align = 1
valign = 1
autowrap = true
clip_text = true
script = SubResource( 1 )
__meta__ = {
"_edit_use_anchors_": false
}

[node name="GameState" type="Label" parent="Sleep"]
margin_top = 652.0
margin_right = 800.0
margin_bottom = 700.0
text = "
DAYTIME
Round ROUND"
align = 1
script = ExtResource( 6 )

[node name="Hunt" type="VBoxContainer" parent="."]
visible = false
anchor_right = 1.0
anchor_bottom = 1.0
alignment = 1
script = ExtResource( 1 )
__meta__ = {
"_edit_use_anchors_": false
}

[node name="Icon" type="TextureRect" parent="Hunt"]
margin_right = 800.0
margin_bottom = 396.0
rect_min_size = Vector2( 30, 30 )
size_flags_horizontal = 3
size_flags_vertical = 3
texture = ExtResource( 4 )
expand = true
stretch_mode = 6

[node name="Message" type="Label" parent="Hunt"]
margin_top = 400.0
margin_right = 800.0
margin_bottom = 600.0
rect_min_size = Vector2( 150, 200 )
size_flags_vertical = 1
text = "Choose your prey!"
align = 1
valign = 1
autowrap = true
clip_text = true
__meta__ = {
"_edit_use_anchors_": false
}

[node name="Choice" type="VBoxContainer" parent="Hunt"]
margin_top = 604.0
margin_right = 800.0
margin_bottom = 648.0
size_flags_horizontal = 13
size_flags_vertical = 13
size_flags_stretch_ratio = 0.6
alignment = 1

[node name="VBoxContainer" type="HBoxContainer" parent="Hunt/Choice"]
margin_right = 800.0
margin_bottom = 20.0
alignment = 1

[node name="Vote" type="Button" parent="Hunt/Choice/VBoxContainer"]
margin_left = 378.0
margin_right = 421.0
margin_bottom = 20.0
text = "Hunt"

[node name="CenterContainer" type="CenterContainer" parent="Hunt/Choice"]
margin_top = 24.0
margin_right = 800.0
margin_bottom = 44.0

[node name="ProgressBar" type="ProgressBar" parent="Hunt/Choice/CenterContainer"]
margin_left = 250.0
margin_right = 550.0
margin_bottom = 20.0
rect_min_size = Vector2( 300, 20 )
size_flags_horizontal = 5
size_flags_vertical = 4
value = 96.39
percent_visible = false

[node name="Label" type="Label" parent="Hunt/Choice/CenterContainer/ProgressBar"]
anchor_right = 1.0
anchor_bottom = 1.0
align = 1
valign = 1
script = SubResource( 2 )
__meta__ = {
"_edit_use_anchors_": false
}

[node name="GameState" type="Label" parent="Hunt"]
margin_top = 652.0
margin_right = 800.0
margin_bottom = 700.0
text = "
DAYTIME
Round ROUND"
align = 1
script = ExtResource( 6 )

[node name="AnimationPlayer" type="AnimationPlayer" parent="Hunt"]
anims/Hunt = SubResource( 3 )

[node name="See" type="VBoxContainer" parent="."]
visible = false
anchor_right = 1.0
anchor_bottom = 1.0
alignment = 1
script = ExtResource( 11 )
__meta__ = {
"_edit_use_anchors_": false
}

[node name="Icon" type="TextureRect" parent="See"]
margin_right = 800.0
margin_bottom = 310.0
rect_min_size = Vector2( 30, 30 )
size_flags_horizontal = 3
size_flags_vertical = 3
size_flags_stretch_ratio = 0.4
texture = ExtResource( 5 )
expand = true
stretch_mode = 6

[node name="ScrollContainer" type="ScrollContainer" parent="See"]
margin_top = 314.0
margin_right = 800.0
margin_bottom = 624.0
rect_min_size = Vector2( 120, 120 )
size_flags_horizontal = 3
size_flags_vertical = 3
size_flags_stretch_ratio = 0.4
scroll_horizontal_enabled = false

[node name="Message" type="Label" parent="See/ScrollContainer"]
margin_top = 55.0
margin_right = 800.0
margin_bottom = 255.0
rect_min_size = Vector2( 150, 200 )
size_flags_horizontal = 3
size_flags_vertical = 6
text = "Reveal the true identity!"
align = 1
valign = 1
autowrap = true
clip_text = true
__meta__ = {
"_edit_use_anchors_": false
}

[node name="Choice" type="VBoxContainer" parent="See"]
margin_top = 628.0
margin_right = 800.0
margin_bottom = 648.0
size_flags_horizontal = 13
size_flags_vertical = 13
size_flags_stretch_ratio = 0.6
alignment = 1

[node name="VBoxContainer" type="HBoxContainer" parent="See/Choice"]
margin_right = 800.0
margin_bottom = 20.0
alignment = 1

[node name="Vote" type="Button" parent="See/Choice/VBoxContainer"]
margin_left = 373.0
margin_right = 427.0
margin_bottom = 20.0
text = "Reveal"

[node name="GameState" type="Label" parent="See"]
margin_top = 652.0
margin_right = 800.0
margin_bottom = 700.0
text = "
DAYTIME
Round ROUND"
align = 1
script = ExtResource( 6 )

[node name="Heal" type="VBoxContainer" parent="."]
visible = false
anchor_right = 1.0
anchor_bottom = 1.0
alignment = 1
script = ExtResource( 13 )
__meta__ = {
"_edit_use_anchors_": false
}

[node name="Icon" type="TextureRect" parent="Heal"]
margin_right = 800.0
margin_bottom = 310.0
rect_min_size = Vector2( 30, 30 )
size_flags_horizontal = 3
size_flags_vertical = 3
size_flags_stretch_ratio = 0.4
texture = ExtResource( 12 )
expand = true
stretch_mode = 6

[node name="ScrollContainer" type="ScrollContainer" parent="Heal"]
margin_top = 314.0
margin_right = 800.0
margin_bottom = 624.0
rect_min_size = Vector2( 120, 120 )
size_flags_horizontal = 3
size_flags_vertical = 3
size_flags_stretch_ratio = 0.4
scroll_horizontal_enabled = false

[node name="Message" type="Label" parent="Heal/ScrollContainer"]
margin_top = 55.0
margin_right = 800.0
margin_bottom = 255.0
rect_min_size = Vector2( 150, 200 )
size_flags_horizontal = 3
size_flags_vertical = 6
text = "The victim is:
VICTIM

Do you want to use healing potion?
"
align = 1
valign = 1
autowrap = true
clip_text = true
__meta__ = {
"_edit_use_anchors_": false
}

[node name="Choice" type="VBoxContainer" parent="Heal"]
margin_top = 628.0
margin_right = 800.0
margin_bottom = 648.0
size_flags_horizontal = 13
size_flags_vertical = 13
size_flags_stretch_ratio = 0.6
alignment = 1

[node name="VBoxContainer" type="HBoxContainer" parent="Heal/Choice"]
margin_right = 800.0
margin_bottom = 20.0
alignment = 1

[node name="Yes" type="Button" parent="Heal/Choice/VBoxContainer"]
margin_left = 366.0
margin_right = 400.0
margin_bottom = 20.0
text = "Yes"

[node name="No" type="Button" parent="Heal/Choice/VBoxContainer"]
margin_left = 404.0
margin_right = 434.0
margin_bottom = 20.0
text = "No"

[node name="GameState" type="Label" parent="Heal"]
margin_top = 652.0
margin_right = 800.0
margin_bottom = 700.0
text = "
DAYTIME
Round ROUND"
align = 1
script = ExtResource( 6 )

[node name="Poison" type="VBoxContainer" parent="."]
anchor_right = 1.0
anchor_bottom = 1.0
alignment = 1
script = ExtResource( 15 )
__meta__ = {
"_edit_use_anchors_": false
}

[node name="Icon" type="TextureRect" parent="Poison"]
margin_right = 800.0
margin_bottom = 310.0
rect_min_size = Vector2( 30, 30 )
size_flags_horizontal = 3
size_flags_vertical = 3
size_flags_stretch_ratio = 0.4
texture = ExtResource( 14 )
expand = true
stretch_mode = 6

[node name="ScrollContainer" type="ScrollContainer" parent="Poison"]
margin_top = 314.0
margin_right = 800.0
margin_bottom = 624.0
rect_min_size = Vector2( 120, 120 )
size_flags_horizontal = 3
size_flags_vertical = 3
size_flags_stretch_ratio = 0.4
scroll_horizontal_enabled = false

[node name="Message" type="Label" parent="Poison/ScrollContainer"]
margin_top = 55.0
margin_right = 800.0
margin_bottom = 255.0
rect_min_size = Vector2( 150, 200 )
size_flags_horizontal = 3
size_flags_vertical = 6
text = "Who do you want to poison?
"
align = 1
valign = 1
autowrap = true
clip_text = true
__meta__ = {
"_edit_use_anchors_": false
}

[node name="Choice" type="VBoxContainer" parent="Poison"]
margin_top = 628.0
margin_right = 800.0
margin_bottom = 648.0
size_flags_horizontal = 13
size_flags_vertical = 13
size_flags_stretch_ratio = 0.6
alignment = 1

[node name="VBoxContainer" type="HBoxContainer" parent="Poison/Choice"]
margin_right = 800.0
margin_bottom = 20.0
alignment = 1

[node name="Vote" type="Button" parent="Poison/Choice/VBoxContainer"]
margin_left = 372.0
margin_right = 427.0
margin_bottom = 20.0
text = "Poison"

[node name="GameState" type="Label" parent="Poison"]
margin_top = 652.0
margin_right = 800.0
margin_bottom = 700.0
text = "
DAYTIME
Round ROUND"
align = 1
script = ExtResource( 6 )
[connection signal="pressed" from="Day/Choice/VBoxContainer/Vote" to="Day" method="_on_vote"]
[connection signal="pressed" from="Hunt/Choice/VBoxContainer/Vote" to="Hunt" method="_on_hunt"]
[connection signal="pressed" from="See/Choice/VBoxContainer/Vote" to="See" method="_on_see"]
[connection signal="pressed" from="Heal/Choice/VBoxContainer/Yes" to="Heal" method="_on_heal"]
[connection signal="pressed" from="Heal/Choice/VBoxContainer/No" to="Heal" method="_on_ignore"]
[connection signal="pressed" from="Poison/Choice/VBoxContainer/Vote" to="Poison" method="_on_poison"]
